@article{wjm,
  title={关于 (中华人民共和国国家通用语言文字法 (草案)) 的说明},
  author={汪家缪},
  journal={中华人民共和国国家通用语言文字法》 学习读本 [c1. 北京: 语文出版社},
  year={2001}
}

@article{jdp,
  title={对现代汉语送气音和不送气音定义的探讨},
  author={金德平},
  journal={陕西师范大学学报: 哲学社会科学版},
  number={3},
  pages={118--120},
  year={1983}
}

@inproceedings{lee5system,
  title={System Description of Golden Mandarin (I) Voice Input for Unlimited Chinese Characters},
  author={Lee, L and others},
  booktitle={International Conference on Computer Processing of Chinese \& Oriental Languages},
  volume={5},
  number={3}
}

@article{lee1997voice,
  title={Voice dictation of mandarin chinese},
  author={Lee, Lin-shan},
  journal={Signal Processing Magazine, IEEE},
  volume={14},
  number={4},
  pages={63--101},
  year={1997},
  publisher={IEEE}
}

@misc{lee1993mandarin,
  title={Mandarin speech input method for Chinese computers and a mandarin speech recognition machine},
  author={Lee, Lin S},
  year={1993},
  month=jun # "~15",
  publisher={Google Patents},
  note={US Patent 5,220,639}
}

@book{chen2000tone,
  title={Tone sandhi: Patterns across Chinese dialects},
  author={Chen, Matthew Y},
  volume={92},
  year={2000},
  publisher={Cambridge University Press}
}

@article{srihari2007offline,
  title={Offline Chinese handwriting recognition: an assessment of current technology},
  author={Srihari, Sargur N and Yang, Xuanshen and Ball, Gregory R},
  journal={Frontiers of Computer Science in China},
  volume={1},
  number={2},
  pages={137--155},
  year={2007},
  publisher={Springer}
}

@book{wgy,
  title={常用的汉字输入方法},
  author={王国印 and 刘培勇},
  year={1995},
  publisher={清华大学出版社}
}

@phdthesis{dsl,
  title={汉字编码输入法研究},
  author={戴石麟},
  year={2005},
  school={重庆: 重庆大学}
}

@inproceedings{chen,
  title={A new statistical approach to Chinese Pinyin input},
  author={Chen, Zheng and Lee, Kai-Fu},
  booktitle={Proceedings of the 38th annual meeting on association for computational linguistics},
  pages={241--247},
  year={2000},
  organization={Association for Computational Linguistics}
}

@inproceedings{wen2008ambiguity,
  title={Ambiguity solution of Pinyin segmentation in continuous Pinyin-to-character conversion},
  author={Wen, Juan and Wang, Xiaojie and Xu, Wenzhi and Jiang, Huixing},
  booktitle={Natural Language Processing and Knowledge Engineering, 2008. NLP-KE'08. International Conference on},
  pages={1--7},
  year={2008},
  organization={IEEE}
}

@inproceedings{liu2002approach,
  title={An approach to machine learning of Chinese Pinyin-to-character conversion for small-memory application},
  author={Liu, Bing-Quan and Wang, Xiao-Long},
  booktitle={Machine Learning and Cybernetics, 2002. Proceedings. 2002 International Conference on},
  volume={3},
  pages={1287--1291},
  year={2002},
  organization={IEEE}
}

@misc{chaudhri,
  title={Virtual input device placement on a touch screen user interface},
  author={Chaudhri, Imran and Christie, Greg and Ording, Bas},
  year={2005},
  month=sep # "~16",
  publisher={Google Patents},
  note={US Patent App. 11/228,758}
}

@inproceedings{kinkead,
  title={Typing speed, keying rates, and optimal keyboard layouts},
  author={Kinkead, Robin},
  booktitle={Proceedings of the Human Factors and Ergonomics Society Annual Meeting},
  volume={19},
  number={2},
  pages={159--161},
  year={1975},
  organization={SAGE Publications}
}


@inproceedings{moscovich2008indirect,
  title={Indirect mappings of multi-touch input using one and two hands},
  author={Moscovich, Tomer and Hughes, John F},
  booktitle={Proceedings of the SIGCHI Conference on Human Factors in Computing Systems},
  pages={1275--1284},
  year={2008},
  organization={ACM}
}

@book{dsh,
  title={人机交互和多通道用户界面},
  author={董士海},
  year={1999},
  publisher={科学出版社}
}

@article{lmz,
  title={多通道界面软件结构模型及整合算法},
  author={李茂贞 and 董士海},
  journal={计算机学报},
  volume={21},
  number={2},
  pages={111--118},
  year={1998}
}

@article{cz,
  title={拼写纠正在拼音输入法中的应用},
  author={陈正 and 李开复},
  journal={计算机学报},
  volume={24},
  number={7},
  pages={758--763},
  year={2001}
}

@inproceedings{sadana2014designing,
  title={Designing and implementing an interactive scatterplot visualization for a tablet computer},
  author={Sadana, Ramik and Stasko, John},
  booktitle={Proceedings of the 2014 International Working Conference on Advanced Visual Interfaces},
  pages={265--272},
  year={2014},
  organization={ACM}
}

@incollection{rudchenko2011text,
  title={Text text revolution: a game that improves text entry on mobile touchscreen keyboards},
  author={Rudchenko, Dmitry and Paek, Tim and Badger, Eric},
  booktitle={Pervasive Computing},
  pages={206--213},
  year={2011},
  publisher={Springer}
}

@inproceedings{findlater2012beyond,
  title={Beyond QWERTY: augmenting touch screen keyboards with multi-touch gestures for non-alphanumeric input},
  author={Findlater, Leah and Lee, Ben and Wobbrock, Jacob},
  booktitle={Proceedings of the SIGCHI Conference on Human Factors in Computing Systems},
  pages={2679--2682},
  year={2012},
  organization={ACM}
}

@inproceedings{shin2009multi,
  title={Multi-point touch input method for Korean text entry},
  author={Shin, Heesook and Lee, Woohun and Lee, Geehyuk and Cho, Ilyeon},
  booktitle={CHI'09 Extended Abstracts on Human Factors in Computing Systems},
  pages={3871--3876},
  year={2009},
  organization={ACM}
}

@misc{kristenssondiscrete,
  title={Discrete and Continuous Shape Writing for Text Entry and Control; 2007},
  author={Kristensson, Per Ola}
}

@article{hinckley2002input,
  title={Input technologies and techniques},
  author={Hinckley, Ken and Wigdor, Daniel},
  journal={The human-computer interaction handbook: fundamentals, evolving technologies and emerging applications},
  pages={151--168},
  year={2002}
}

@inproceedings{buschek2014improving,
  title={Improving accuracy in back-of-device multitouch typing: a clustering-based approach to keyboard updating},
  author={Buschek, Daniel and Schoenleben, Oliver and Oulasvirta, Antti},
  booktitle={Proceedings of the 19th international conference on Intelligent User Interfaces},
  pages={57--66},
  year={2014},
  organization={ACM}
}

@inproceedings{don2010applying,
  title={Applying bimanual interaction principles to text input on multi-touch surfaces and tabletops},
  author={Don, Liam and Smith, Shamus P},
  booktitle={ACM International Conference on Interactive Tabletops and Surfaces},
  pages={253--254},
  year={2010},
  organization={ACM}
}

@inproceedings{arif2014experimental,
  title={Experimental study of stroke shortcuts for a touchscreen keyboard with gesture-redundant keys removed},
  author={Arif, Ahmed Sabbir and Pahud, Michel and Hinckley, Ken and Buxton, Bill},
  booktitle={Proceedings of the 2014 Graphics Interface Conference},
  pages={43--50},
  year={2014},
  organization={Canadian Information Processing Society}
}

@inproceedings{shen2009double,
  title={Double-side multi-touch input for mobile devices},
  author={Shen, Erh-li Early and Tsai, Sung-sheng Daniel and Chu, Hao-hua and Hsu, Yung-jen Jane and Chen, Chi-wen Euro},
  booktitle={CHI'09 Extended Abstracts on Human Factors in Computing Systems},
  pages={4339--4344},
  year={2009},
  organization={ACM}
}

@inproceedings{zhai2008interlaced,
  title={Interlaced QWERTY: accommodating ease of visual search and input flexibility in shape writing},
  author={Zhai, Shumin and Kristensson, Per Ola},
  booktitle={Proceedings of the SIGCHI Conference on Human Factors in Computing Systems},
  pages={593--596},
  year={2008},
  organization={ACM}
}
